<record><leader>00000cas a22000007a 4500</leader><controlfield tag="001">14053717</controlfield><controlfield tag="008">860806d19621969txuwr ne      0    0eng d</controlfield><datafield ind1=" " ind2=" " tag="010"><subfield code="a">sn 86088418 </subfield></datafield><datafield ind1=" " ind2=" " tag="040"><subfield code="a">PPM</subfield><subfield code="b">eng</subfield><subfield code="c">PPM</subfield><subfield code="d">OCLCQ</subfield></datafield><datafield ind1=" " ind2=" " tag="042"><subfield code="a">msc</subfield></datafield><datafield ind1="0" ind2="4" tag="245"><subfield code="a">The Clyde news.</subfield></datafield><datafield ind1=" " ind2=" " tag="260"><subfield code="a">Clyde, Tex. :</subfield><subfield code="b">Elsworth Mayer</subfield></datafield><datafield ind1=" " ind2=" " tag="300"><subfield code="a">v. :</subfield><subfield code="b">ill.</subfield></datafield><datafield ind1=" " ind2=" " tag="310"><subfield code="a">Weekly</subfield></datafield><datafield ind1="1" ind2=" " tag="362"><subfield code="a">Began in 1962; ceased in 1969.</subfield></datafield><datafield ind1=" " ind2=" " tag="588"><subfield code="a">Description based on: Vol. 1, no. 43 (Jan. 2, 1963).</subfield></datafield><datafield ind1=" " ind2=" " tag="752"><subfield code="a">United States</subfield><subfield code="b">Texas</subfield><subfield code="c">Callahan</subfield><subfield code="d">Clyde.</subfield></datafield><datafield ind1="0" ind2="7" tag="785"><subfield code="t">Baird star</subfield><subfield code="w">(DLC)sn 86088027</subfield></datafield><datafield ind1="0" ind2="7" tag="785"><subfield code="t">Callahan County star</subfield><subfield code="w">(DLC)sn 86088050</subfield></datafield></record>